<record xmlns="http://www.loc.gov/MARC21/slim" xmlns:xsi="http://www.w3.org/2001/XMLSchema-instance" xsi:schemaLocation="http://www.loc.gov/MARC21/slim http://www.loc.gov/standards/marcxml/schema/MARC21slim.xsd"><leader>     nam a22        4500</leader><controlfield tag="001">3071623</controlfield><controlfield tag="003">NNC</controlfield><controlfield tag="006">m        d        </controlfield><controlfield tag="007">cr cn |||m|||a</controlfield><controlfield tag="008">150316s1951    ua      ob    001 0 arard</controlfield><datafield ind1=" " ind2=" " tag="040"><subfield code="a">NNU</subfield><subfield code="b">eng</subfield><subfield code="e">rda</subfield><subfield code="c">NNU</subfield></datafield><datafield ind1=" " ind2="4" tag="050"><subfield code="a">PJ7698.H75</subfield><subfield code="b">A17 1951</subfield></datafield><datafield ind1="0" ind2=" " tag="100"><subfield code="6">880-01</subfield><subfield code="a">H&#803;umayd ibn Thawr al-Hila&#772;li&#772;,</subfield><subfield code="d">active 7th century.</subfield></datafield><datafield ind1="1" ind2="0" tag="240"><subfield code="6">880-02</subfield><subfield code="a">Poems</subfield></datafield><datafield ind1="1" ind2="0" tag="245"><subfield code="6">880-03</subfield><subfield code="a">Di&#772;wa&#772;n H&#803;umayd ibn Thawr al-Hila&#772;li&#772; :</subfield><subfield code="b">wa-fi&#772;hi Ba&#772;&#700;i&#772;yat Abi&#772; Du&#700;a&#772;d al-Iya&#772;di&#772; /</subfield><subfield code="c">s&#803;an&#699;at &#699;Abd al-&#699;Azi&#772;z al-Maymani&#772;.</subfield></datafield><datafield ind1=" " ind2=" " tag="250"><subfield code="6">880-04</subfield><subfield code="a">al-T&#803;ab&#699;ah 1.</subfield></datafield><datafield ind1=" " ind2=" " tag="260"><subfield code="6">880-05</subfield><subfield code="a">al-Qa&#772;hirah :</subfield><subfield code="b">Mat&#803;ba&#699;at Da&#772;r al-Kutub al-Mis&#803;ri&#772;yah,</subfield><subfield code="c">1951.</subfield></datafield><datafield ind1=" " ind2=" " tag="300"><subfield code="a">online resource (8, 173 pages)</subfield></datafield><datafield ind1=" " ind2=" " tag="336"><subfield code="a">text</subfield><subfield code="2">rdacontent</subfield></datafield><datafield ind1=" " ind2=" " tag="337"><subfield code="a">computer</subfield><subfield code="2">rdamedia</subfield></datafield><datafield ind1=" " ind2=" " tag="338"><subfield code="a">online resource</subfield><subfield code="2">rdacarrier</subfield></datafield><datafield ind1=" " ind2=" " tag="500"><subfield code="a">At head of title: Da&#772;r al-Kutub al-Mis&#803;ri&#772;yah, al-Qism al-Adabi&#772;.</subfield></datafield><datafield ind1=" " ind2=" " tag="500"><subfield code="a">Romanized record.</subfield></datafield><datafield ind1=" " ind2=" " tag="500"><subfield code="a">Part of the Arabic Collections Online (ACO) project, contributed by Columbia University Libraries.</subfield></datafield><datafield ind1=" " ind2=" " tag="504"><subfield code="a">Includes bibliographical references (pages 8 (1st group))-and indexes.</subfield></datafield><datafield ind1=" " ind2=" " tag="533"><subfield code="a">Electronic reproduction.</subfield><subfield code="b">New York, N.Y. :</subfield><subfield code="c">New York University,</subfield><subfield code="d">2015.</subfield><subfield code="5">NNU</subfield></datafield><datafield ind1=" " ind2="0" tag="650"><subfield code="a">Arabic poetry</subfield><subfield code="y">622-750.</subfield></datafield><datafield ind1=" " ind2="0" tag="650"><subfield code="a">Arabic poetry</subfield><subfield code="y">To 622.</subfield></datafield><datafield ind1="0" ind2="0" tag="600"><subfield code="a">H&#803;umayd ibn Thawr al-Hila&#772;li&#772;,</subfield><subfield code="d">active 7th century.</subfield></datafield><datafield ind1="0" ind2="7" tag="600"><subfield code="a">H&#803;umayd ibn Thawr al-Hila&#772;li&#772;,</subfield><subfield code="d">active 7th century</subfield><subfield code="2">fast</subfield><subfield code="0">(OCoLC)fst01825034</subfield></datafield><datafield ind1=" " ind2="7" tag="650"><subfield code="a">Arabic poetry.</subfield><subfield code="2">fast</subfield><subfield code="0">(OCoLC)fst00812533</subfield></datafield><datafield ind1=" " ind2="7" tag="648"><subfield code="a">To 750</subfield><subfield code="2">fast</subfield></datafield><datafield ind1="1" ind2=" " tag="700"><subfield code="6">880-06</subfield><subfield code="a">Iya&#772;di&#772;, Abu&#772; Du&#700;a&#772;d Ja&#772;riyah ibn al-H&#803;ajja&#772;j,</subfield><subfield code="d">active 7th century.</subfield></datafield><datafield ind1="1" ind2=" " tag="700"><subfield code="6">880-07</subfield><subfield code="a">Ra&#772;jku&#772;ti&#772;, &#699;Abd al-&#699;Azi&#772;z al-Maymani&#772;.</subfield></datafield><datafield ind1="2" ind2=" " tag="710"><subfield code="a">Columbia University.</subfield><subfield code="b">Libraries.</subfield></datafield><datafield ind1="0" ind2=" " tag="730"><subfield code="a">Arabic Collections Online.</subfield></datafield><datafield ind1="0" ind2="8" tag="776"><subfield code="i">Print version:</subfield><subfield code="a">H&#803;umayd ibn Thawr al-Hila&#772;li&#772;, active 7th century.</subfield><subfield code="t">Di&#772;wa&#772;n H&#803;umayd ibn Thawr al-Hila&#772;li&#772;</subfield><subfield code="w">(NNC)3071623</subfield><subfield code="w">(OCoLC)19298758</subfield></datafield><datafield ind1="4" ind2="0" tag="856"><subfield code="u">http://hdl.handle.net/2333.1/cnp5hsnc</subfield></datafield><datafield ind1="0" ind2=" " tag="880"><subfield code="6">100-01/r</subfield><subfield code="a">&#1581;&#1605;&#1610;&#1583; &#1576;&#1606; &#1579;&#1608;&#1585; &#1575;&#1604;&#1607;&#1604;&#1575;&#1604;&#1610;.</subfield></datafield><datafield ind1="1" ind2="0" tag="880"><subfield code="6">240-02/r</subfield><subfield code="a">&#1588;&#1593;&#1585;</subfield></datafield><datafield ind1="1" ind2="0" tag="880"><subfield code="6">245-03/r</subfield><subfield code="a">&#1583;&#1610;&#1608;&#1575;&#1606; &#1581;&#1605;&#1610;&#1583; &#1576;&#1606; &#1579;&#1608;&#1585; &#1575;&#1604;&#1607;&#1604;&#1575;&#1604;&#1610; &#1563;</subfield><subfield code="b">&#1608;&#1601;&#1610;&#1607; &#1576;&#1575;&#1574;&#1610;&#1577; &#1571;&#1576;&#1610; &#1583;&#1572;&#1575;&#1583; &#1575;&#1604;&#1573;&#1610;&#1575;&#1583;&#1610; /</subfield><subfield code="c">&#1589;&#1606;&#1593;&#1577; &#1593;&#1576;&#1583; &#1575;&#1604;&#1593;&#1586;&#1610;&#1586; &#1575;&#1604;&#1605;&#1610;&#1605;&#1606;&#1610;.</subfield></datafield><datafield ind1=" " ind2=" " tag="880"><subfield code="6">250-04/r</subfield><subfield code="a">&#1575;&#1604;&#1591;&#1576;&#1593;&#1577; 1.</subfield></datafield><datafield ind1=" " ind2=" " tag="880"><subfield code="6">260-05/r</subfield><subfield code="a">&#1575;&#1604;&#1602;&#1575;&#1607;&#1585;&#1577; :</subfield><subfield code="b">&#1605;&#1591;&#1576;&#1593;&#1577; &#1583;&#1575;&#1585; &#1575;&#1604;&#1603;&#1578;&#1576; &#1575;&#1604;&#1605;&#1589;&#1585;&#1610;&#1577;&#1548;</subfield><subfield code="c">1951.</subfield></datafield><datafield ind1="1" ind2=" " tag="880"><subfield code="6">700-06/r</subfield><subfield code="a">&#1573;&#1610;&#1575;&#1583;&#1610;&#1548; &#1571;&#1576;&#1608; &#1583;&#1572;&#1575;&#1583; &#1580;&#1575;&#1585;&#1610;&#1577; &#1576;&#1606; &#1575;&#1604;&#1581;&#1580;&#1575;&#1580;.</subfield></datafield><datafield ind1="1" ind2=" " tag="880"><subfield code="6">700-07/r</subfield><subfield code="a">&#1585;&#1575;&#1580;&#1603;&#1608;&#1578;&#1610;&#1548; &#1593;&#1576;&#1583; &#1575;&#1604;&#1593;&#1586;&#1610;&#1586; &#1575;&#1604;&#1605;&#1610;&#1605;&#1606;&#1610;.</subfield></datafield><datafield ind1=" " ind2=" " tag="959"><subfield code="a">NNU</subfield><subfield code="b">WEB</subfield><subfield code="c">GENI</subfield><subfield code="t">0</subfield><subfield code="m">Electronic access</subfield><subfield code="s">01</subfield></datafield><datafield ind1=" " ind2=" " tag="999"><subfield code="i">NNC_3071623</subfield><subfield code="o">(OCoLC)ocm19298758 </subfield><subfield code="s">columbia_aco000394</subfield></datafield></record>